@inproceedings{ref,
    author = {Jesus, Paulo and Baquero, Carlos and Almeida, Paulo},
    year = {2009},
    month = {06},
    pages = {73-86},
    title = {Fault-Tolerant Aggregation by Flow Updating},
    doi = {10.1007/978-3-642-02164-0_6}
}
@article{article,
    author = {Jesus, Paulo and Baquero, Carlos and Almeida, Paulo},
    year = {2011},
    month = {10},
    pages = {},
    title = {A Survey of Distributed Data Aggregation Algorithms},
    volume = {17},
    journal = {Communications Surveys \& Tutorials, IEEE},
    doi = {10.1109/COMST.2014.2354398},
    url = {https://arxiv.org/pdf/1110.0725.pdf}
}